<zs:record>
      <zs:recordPacking>xml</zs:recordPacking>
      <zs:recordData>
        <record xmlns="http://www.loc.gov/MARC21/slim">
          <leader>00503nz a2200133 4500</leader>
          <controlfield tag="001">30001350</controlfield>
          <controlfield tag="003">RISM</controlfield>
          <controlfield tag="005">20121108</controlfield>
          <controlfield tag="008">121108n||az|||||||##########||||||||||||</controlfield>
          <datafield tag="043" ind1=" " ind2=" ">
            <subfield code="c">Denmark</subfield>
          </datafield>
          <datafield tag="110" ind1="2" ind2=" ">
            <subfield code="a">Musikvidenskabeligt Institut Københavns Universitet, Bibliotek</subfield>
            <subfield code="c">København</subfield>
            <subfield code="g">DK-Kv</subfield>
          </datafield>
          <datafield tag="410" ind1="2" ind2=" ">
            <subfield code="a">Kobenhavns Universitets Musikvidenskabelige Institut</subfield>
          </datafield>
          <datafield tag="622" ind1=" " ind2=" ">
            <subfield code="e">Musikvidenskabeligt Institut Københavns, Universitet, Bibliotek, Klerkegade 2, 1308
              København K, Denmark</subfield>
            <subfield code="u">http://musikvidenskab.ku.dk/</subfield>
          </datafield>
          <datafield tag="670" ind1="2" ind2=" ">
            <subfield code="a">12</subfield>
          </datafield>
          <idzebra xmlns="http://www.indexdata.dk/zebra/">
            <size>503</size>
            <score>761</score>
            <localnumber>830671</localnumber>
            <filename>sigla/sigla.mrc</filename>
          </idzebra>
        </record>
      </zs:recordData>
      <zs:recordPosition>8</zs:recordPosition>
    </zs:record>