<zs:record>
      <zs:recordPacking>xml</zs:recordPacking>
      <zs:recordData>
        <record xmlns="http://www.loc.gov/MARC21/slim">
          <leader>00322nz a2200109 4500</leader>
          <controlfield tag="001">30001353</controlfield>
          <controlfield tag="003">RISM</controlfield>
          <controlfield tag="005">20121108</controlfield>
          <controlfield tag="008">121108n||az|||||||##########||||||||||||</controlfield>
          <datafield tag="043" ind1=" " ind2=" ">
            <subfield code="c">Denmark</subfield>
          </datafield>
          <datafield tag="110" ind1="2" ind2=" ">
            <subfield code="a">Ribe Katedralskoles- og Stiftsbibliotek</subfield>
            <subfield code="c">Ribe</subfield>
            <subfield code="g">DK-Rk</subfield>
          </datafield>
          <datafield tag="622" ind1=" " ind2=" ">
            <subfield code="e">Ribe Katedralskoles- og Stiftsbibliotek, Puggaardsgade, 6760 Ribe, Denmark</subfield>
          </datafield>
          <idzebra xmlns="http://www.indexdata.dk/zebra/">
            <size>322</size>
            <score>761</score>
            <localnumber>836429</localnumber>
            <filename>sigla/sigla.mrc</filename>
          </idzebra>
        </record>
      </zs:recordData>
      <zs:recordPosition>27</zs:recordPosition>
    </zs:record>